<record><leader>00000cas a22000007a 4500</leader><controlfield tag="001">16519900</controlfield><controlfield tag="008">870821d1886189upaudr ne      0    0eng d</controlfield><datafield ind1=" " ind2=" " tag="010"><subfield code="a">sn 88080893 </subfield></datafield><datafield ind1=" " ind2=" " tag="040"><subfield code="a">NPH</subfield><subfield code="b">eng</subfield><subfield code="c">NPH</subfield><subfield code="d">OCLCQ</subfield></datafield><datafield ind1=" " ind2=" " tag="042"><subfield code="a">msc</subfield></datafield><datafield ind1="0" ind2=" " tag="130"><subfield code="a">Corry daily leader (Corry, Pa. : 1886)</subfield></datafield><datafield ind1="1" ind2="4" tag="245"><subfield code="a">The Corry daily leader.</subfield></datafield><datafield ind1=" " ind2=" " tag="260"><subfield code="a">Corry, Pa. :</subfield><subfield code="b">[s.n.]</subfield></datafield><datafield ind1=" " ind2=" " tag="300"><subfield code="a">v. ;</subfield><subfield code="c">58 cm.</subfield></datafield><datafield ind1=" " ind2=" " tag="310"><subfield code="a">Daily</subfield></datafield><datafield ind1="1" ind2=" " tag="362"><subfield code="a">Began in 1886.</subfield></datafield><datafield ind1=" " ind2=" " tag="500"><subfield code="a">Publisher: Joseph A. Pain, &lt;1893&gt;.</subfield></datafield><datafield ind1=" " ind2=" " tag="500"><subfield code="a">Editor: Joseph A. Pain, &lt;1886&gt;.</subfield></datafield><datafield ind1=" " ind2=" " tag="588"><subfield code="a">Description based on : vol. 1, no. 292 (Oct. 18, 1886).</subfield></datafield><datafield ind1=" " ind2=" " tag="752"><subfield code="a">United States</subfield><subfield code="b">Pennsylvania</subfield><subfield code="c">Erie</subfield><subfield code="d">Corry.</subfield></datafield><datafield ind1="0" ind2="0" tag="780"><subfield code="t">Corry leader (Corry, Pa. : 1885)</subfield><subfield code="w">(DLC)sn 88079558</subfield></datafield><datafield ind1="0" ind2="0" tag="785"><subfield code="t">Corry leader (Corry, Pa. : 1900)</subfield><subfield code="w">(DLC)sn 88079559</subfield></datafield><datafield ind1="1" ind2=" " tag="029"><subfield code="a">AU@</subfield><subfield code="b">000025791688</subfield></datafield></record>